@article{stuart2010inverse,
  title={Inverse problems: a Bayesian perspective},
  author={Stuart, Andrew M},
  journal={Acta Numerica},
  volume=19,
  pages={451--559},
  year=2010,
  publisher={Cambridge Univ Press}
}
@article{pflaum2008multigrid,
  title={A multigrid conjugate gradient method},
  author={Pflaum, Christoph},
  journal={Applied Numerical Mathematics},
  volume={58},
  number={12},
  pages={1803--1817},
  year={2008},
  publisher={Elsevier}
}
@book{stoer2013introduction,
  title={Introduction to numerical analysis},
  author={Stoer, Josef and Bulirsch, Roland},
  volume={12},
  year={2013},
  publisher={Springer Science \& Business Media}
}
@article{lindgren2011explicit,
  title={An explicit link between Gaussian fields and Gaussian Markov random fields: the stochastic partial differential equation approach},
  author={Lindgren, Finn and Rue, H{\aa}vard and Lindstr{\"o}m, Johan},
  journal={Journal of the Royal Statistical Society: Series B (Statistical Methodology)},
  volume={73},
  number={4},
  pages={423--498},
  year={2011},
  publisher={Wiley Online Library}
}
@article{kreh2012bessel,
  title={Bessel functions},
  author={Kreh, Martin}
}
@article{bui2013computational,
  title={A computational framework for infinite-dimensional Bayesian inverse problems Part I: The linearized case, with application to global seismic inversion},
  author={Bui-Thanh, Tan and Ghattas, Omar and Martin, James and Stadler, Georg},
  journal={SIAM Journal on Scientific Computing},
  volume={35},
  number={6},
  pages={A2494--A2523},
  year={2013},
  publisher={SIAM}
}
@misc{wikifundamental,
   author = "Wikipedia",
   title = "Fundamental solution --- Wikipedia{,} The Free Encyclopedia",
   year = 2014,
   url = "https://en.wikipedia.org/w/index.php?title=Fundamental_solution&oldid=619455998",
   note = "[Online; accessed 30-October-2015]"
 }
@article{gerchberg1974super,
  title={Super-resolution through error energy reduction},
  author={Gerchberg, RW},
  journal={Journal of Modern Optics},
  volume={21},
  number={9},
  pages={709--720},
  year={1974},
  publisher={Taylor \& Francis}
}
@book{watson1995treatise,
  title={A treatise on the theory of Bessel functions},
  author={Watson, George Neville},
  year={1995},
  publisher={Cambridge university press}
}
@book{evans,
  title={Partial differential equations},
  author={Evans, Lawrence C},
  year={2010},
  publisher={American Mathematical Society}
}
@book{fenics,
  title={Automated solution of differential equations by the finite element method: The FEniCS book},
  author={Logg, Anders and Mardal, Kent-Andre and Wells, Garth},
  volume=84,
  year=2012,
  publisher={Springer Science \& Business Media}
}
